@article{pizza,
  title={Identification of vaccine candidates against serogroup B meningococcus by whole-genome sequencing},
  author={Binyot, Mariagrazia and Scarlato, Vincenzo and Masignani, Vega and Giuliani, Marzia Monica and Arico, Beatrice and Comanducci, Maurizio and Jennings, Gary T and Baldi, Lucia and Bartolini, Erika and Capecchi, Barbara and others},
  journal={Science},
  volume={287},
  number={5459},
  pages={1816--1820},
  year={2000},
  publisher={American Association for the Advancement of Science}
}


@Comment:TODO: move to appendix instead
@misc{adacompetition,
	author = "Mary S. Van Deusen",
	title  = "Overview of the Ada Language Competition",
	url    = "http://iment.com/maida/computer/redref/index.htm"
}

@misc{ptcobjectada,
	author    = "PTC",
	title     = "PTC Newsletter of June 8, 2018",
	url       = "http://www.adaic.org/wp-content/uploads/2018/06/PTC-ObjectAda-for-Windows-V10.pdf"
}

@article{gnatada9x,
	title={The GNAT Project: A GNU-Ada9X Compiler.},
	author={E .Schonberg, F. Gasperoni, and C. Comar},
}

@article{bareboardkernelada2005,
	title={Implementing the New Ada 2005 Real-Time Features on a Bare Board Kernel},
	author={Santiago Urueña, José Pulido, José Redondo et Juan Zamorano}
}

@article{adarealtimeclock,
	title={Implementing Ada.Real_Time.Clock and Absolute Delays in Real-Time Kernels},
	author={Juan Zamorano, José F. Ruiz, and Juan A. de la Puente}
}
